<?xml version="1.0" encoding="UTF-8"?><record xmlns="http://www.loc.gov/MARC21/slim" xmlns:cinclude="http://apache.org/cocoon/include/1.0" xmlns:zs="http://www.loc.gov/zing/srw/">
  <leader>00428nz  a2200121n  4500</leader>
  <controlfield tag="001">n  95037450 </controlfield>
  <controlfield tag="003">DLC</controlfield>
  <controlfield tag="005">19950417090714.9</controlfield>
  <controlfield tag="008">950417n| acannaab|          |n aaa |||  </controlfield>
  <datafield tag="010" ind1=" " ind2=" ">
    <subfield code="a">n  95037450 </subfield>
  </datafield>
  <datafield tag="040" ind1=" " ind2=" ">
    <subfield code="a">DLC</subfield>
    <subfield code="c">DLC</subfield>
  </datafield>
  <datafield tag="100" ind1="1" ind2="0">
    <subfield code="a">Zelenský, Konstantin</subfield>
  </datafield>
  <datafield tag="670" ind1=" " ind2=" ">
    <subfield code="a">Organizacja przestrzenna rolnictwa indywidualnego w gminie Wolsztyn, 1992:</subfield>
    <subfield code="b">t.p. (Konstantin Zelenský) p. 35 (prof. dr z Instytutu Geografii Słowackiej Akademii Nauk)</subfield>
  </datafield>
</record>